[
    {
      "Date": "2010-01",
      "sales": 1998
    },
    {
      "Date": "2010-02",
      "sales": 1850
    },
    {
      "Date": "2010-03",
      "sales": 1720
    },
    {
      "Date": "2010-04",
      "sales": 1818
    },
    {
      "Date": "2010-05",
      "sales": 1920
    },
    {
      "Date": "2010-06",
      "sales": 1802
    },
    {
      "Date": "2010-07",
      "sales": 1945
    },
    {
      "Date": "2010-08",
      "sales": 1856
    },
    {
      "Date": "2010-09",
      "sales": 2107
    },
    {
      "Date": "2010-10",
      "sales": 2140
    },
    {
      "Date": "2010-11",
      "sales": 2311
    },
    {
      "Date": "2010-12",
      "sales": 1972
    },
    {
      "Date": "2011-01",
      "sales": 1760
    },
    {
      "Date": "2011-02",
      "sales": 1824
    },
    {
      "Date": "2011-03",
      "sales": 1801
    },
    {
      "Date": "2011-04",
      "sales": 2001
    },
    {
      "Date": "2011-05",
      "sales": 1640
    },
    {
      "Date": "2011-06",
      "sales": 1502
    },
    {
      "Date": "2011-07",
      "sales": 1621
    },
    {
      "Date": "2011-08",
      "sales": 1480
    },
    {
      "Date": "2011-09",
      "sales": 1549
    },
    {
      "Date": "2011-10",
      "sales": 1390
    },
    {
      "Date": "2011-11",
      "sales": 1325
    },
    {
      "Date": "2011-12",
      "sales": 1250
    },
    {
      "Date": "2012-01",
      "sales": 1394
    },
    {
      "Date": "2012-02",
      "sales": 1406
    },
    {
      "Date": "2012-03",
      "sales": 1578
    },
    {
      "Date": "2012-04",
      "sales": 1465
    },
    {
      "Date": "2012-05",
      "sales": 1689
    },
    {
      "Date": "2012-06",
      "sales": 1755
    },
    {
      "Date": "2012-07",
      "sales": 1495
    },
    {
      "Date": "2012-08",
      "sales": 1508
    },
    {
      "Date": "2012-09",
      "sales": 1433
    },
    {
      "Date": "2012-10",
      "sales": 1344
    },
    {
      "Date": "2012-11",
      "sales": 1201
    },
    {
      "Date": "2012-12",
      "sales": 1065
    },
    {
      "Date": "2013-01",
      "sales": 1255
    },
    {
      "Date": "2013-02",
      "sales": 1429
    },
    {
      "Date": "2013-03",
      "sales": 1398
    },
    {
      "Date": "2013-04",
      "sales": 1678
    },
    {
      "Date": "2013-05",
      "sales": 1524
    },
    {
      "Date": "2013-06",
      "sales": 1688
    },
    {
      "Date": "2013-07",
      "sales": 1500
    },
    {
      "Date": "2013-08",
      "sales": 1670
    },
    {
      "Date": "2013-09",
      "sales": 1734
    },
    {
      "Date": "2013-10",
      "sales": 1699
    },
    {
      "Date": "2013-11",
      "sales": 1508
    },
    {
      "Date": "2013-12",
      "sales": 1680
    },
    {
      "Date": "2014-01",
      "sales": 1750
    },
    {
      "Date": "2014-02",
      "sales": 1602
    },
    {
      "Date": "2014-03",
      "sales": 1834
    },
    {
      "Date": "2014-04",
      "sales": 1722
    },
    {
      "Date": "2014-05",
      "sales": 1430
    },
    {
      "Date": "2014-06",
      "sales": 1280
    },
    {
      "Date": "2014-07",
      "sales": 1367
    },
    {
      "Date": "2014-08",
      "sales": 1155
    },
    {
      "Date": "2014-09",
      "sales": 1289
    },
    {
      "Date": "2014-10",
      "sales": 1104
    },
    {
      "Date": "2014-11",
      "sales": 1246
    },
    {
      "Date": "2014-12",
      "sales": 1098
    },
    {
      "Date": "2015-01",
      "sales": 1189
    },
    {
      "Date": "2015-02",
      "sales": 1276
    },
    {
      "Date": "2015-03",
      "sales": 1033
    },
    {
      "Date": "2015-04",
      "sales": 956
    },
    {
      "Date": "2015-05",
      "sales": 845
    },
    {
      "Date": "2015-06",
      "sales": 1089
    },
    {
      "Date": "2015-07",
      "sales": 944
    },
    {
      "Date": "2015-08",
      "sales": 1043
    },
    {
      "Date": "2015-09",
      "sales": 893
    },
    {
      "Date": "2015-10",
      "sales": 840
    },
    {
      "Date": "2015-11",
      "sales": 934
    },
    {
      "Date": "2015-12",
      "sales": 810
    },
    {
      "Date": "2016-01",
      "sales": 782
    },
    {
      "Date": "2016-02",
      "sales": 1089
    },
    {
      "Date": "2016-03",
      "sales": 745
    },
    {
      "Date": "2016-04",
      "sales": 680
    },
    {
      "Date": "2016-05",
      "sales": 802
    },
    {
      "Date": "2016-06",
      "sales": 697
    },
    {
      "Date": "2016-07",
      "sales": 583
    },
    {
      "Date": "2016-08",
      "sales": 456
    },
    {
      "Date": "2016-09",
      "sales": 524
    },
    {
      "Date": "2016-10",
      "sales": 398
    },
    {
      "Date": "2016-11",
      "sales": 278
    },
    {
      "Date": "2016-12",
      "sales": 195
    },
    {
      "Date": "2017-01",
      "sales": 145
    },
    {
      "Date": "2017-02",
      "sales": 207
    }
  ]